@Manual{citeR,
    title = {R: A Language and Environment for Statistical Computing},
    author = {{R Core Team}},
    organization = {R Foundation for Statistical Computing},
    address = {Vienna, Austria},
    year = {2023},
    url = {https://www.R-project.org/},
  }
  
  
@Manual{r,
  title = {R: A Language and Environment for Statistical Computing},
  author = {{R Core Team}},
  organization = {R Foundation for Statistical Computing},
  address = {Vienna, Austria},
  year = {2022},
  url = {https://www.R-project.org/}
},

@Article{rTidyverse,
  title = {Welcome to the {tidyverse}},
  author = {Hadley Wickham and Mara Averick and Jennifer Bryan and Winston Chang and Lucy D'Agostino McGowan and Romain François and Garrett Grolemund and Alex Hayes and Lionel Henry and Jim Hester and Max Kuhn and Thomas Lin Pedersen and Evan Miller and Stephan Milton Bache and Kirill Müller and Jeroen Ooms and David Robinson and Dana Paige Seidel and Vitalie Spinu and Kohske Takahashi and Davis Vaughan and Claus Wilke and Kara Woo and Hiroaki Yutani},
  year = {2019},
  journal = {Journal of Open Source Software},
  volume = {4},
  number = {43},
  pages = {1686},
  doi = {10.21105/joss.01686}
},

@Article{rTm,
  title = {Text Mining Infrastructure in R.},
  author = {Feinerer, I. and Hornik, K. and Meyer, D.},
  year = {2008},
  journal = {Journal of Statistical Software},
  volume = {25},
  number = {5},
  pages = {1-54},
  doi = {10.18637/jss.v025.i05}
},

@Manual{rMark,
    title = {rmarkdown: Dynamic Documents for R},
    author = {Allaire, J. and Xie, Y. and Dervieux, C. and McPherson, J. and Luraschi, J. and Ushey, K. and Atkins, A. and Wickham, H. and Cheng, J. and Chang, W. and Iannone, R.},
    organization = {R package version 2.26},
    year = {2024},
    url = {https://github.com/rstudio/rmarkdown},
},

@Manual{rGuten,
    title = {gutenbergr: Download and Process Public Domain Works from Project Gutenberg},
    author = {Myfanwy Johnston and David Robinson},
    year = {2023},
    note = {R package version 0.2.4, 
https://github.com/ropensci/gutenbergr},
    url = {https://docs.ropensci.org/gutenbergr/},
},

@Manual{rCloud,
    title = {wordcloud: Word Clouds},
    author = {Ian Fellows},
    year = {2018},
    note = {R package version 2.6http://blog.fellstat.com/?cat=11 http://www.fellstat.com},
    url = {http://blog.fellstat.com/?cat=11 http://www.fellstat.com},
},

@Article{rTidytext,
    title = {tidytext: Text Mining and Analysis Using Tidy Data Principles in R},
    author = {Julia Silge and David Robinson},
    doi = {10.21105/joss.00037},
    url = {http://dx.doi.org/10.21105/joss.00037},
    year = {2016},
    publisher = {The Open Journal},
    volume = {1},
    number = {3},
    journal = {JOSS},
},

@Manual{rScales,
    title = {scales: Scale Functions for Visualization},
    author = {Hadley Wickham and Thomas Lin Pedersen and Dana Seidel},
    year = {2023},
    note = {R package version 1.3.0, https://github.com/r-lib/scales},
    url = {https://scales.r-lib.org},
},

@Book{rGgplot2,
  author = {Hadley Wickham},
  title = {ggplot2: Elegant Graphics for Data Analysis},
  publisher = {Springer-Verlag New York},
  year = {2016},
  isbn = {978-3-319-24277-4},
  url = {https://ggplot2.tidyverse.org}
},

@Manual{rDplyr,
  title = {dplyr: A Grammar of Data Manipulation},
  author = {Hadley Wickham and Romain François and Lionel Henry and Kirill Müller},
  year = {2022},
  note = {R package version 1.0.10},
  url = {https://CRAN.R-project.org/package=dplyr}
},

@InCollection{rKnitr,
  booktitle = {Implementing Reproducible Computational Research},
  editor = {Victoria Stodden and Friedrich Leisch and Roger D. Peng},
  title = {knitr: A Comprehensive Tool for Reproducible Research in {R}},
  author = {Yihui Xie},
  publisher = {Chapman and Hall/CRC},
  year = {2014},
  note = {ISBN 978-1466561595},
  url = {http://www.crcpress.com/product/isbn/9781466561595}
},


@Manual{rHere,
    title = {here: A Simpler Way to Find Your Files},
    author = {Kirill Müller},
    year = {2020},
    note = {R package version 1.0.1},
    url = {https://CRAN.R-project.org/package=here},
  },
  
@Article{resampling,
    title = {Resampling (Narrative) Stream of Consciousness: Mind Wandering, Inner Speech, and Reading as Reversed Introspection},
    author = {Bernini, M. and Fernyhough, C.},
    year = {2022},
    publisher = {Johns Hopkins University Press},
    volume = {68},
    number = {4},
    pages = {639-667},
    journal = {Modern Fiction Studies},
    doi = {https://doi.org/10.1353/mfs.2022.0045},
} 

@Article{pathology,
    title = {The centre and pathology: Postmodernist reading of madness in the oppressor in contemporary fiction},
    author = {Nyongesa, A.},
    year = {2023},
    publisher = {Taylor & Francis Group},
    volume = {10},
    number = {1},
    pages = {1-12},
    journal = {Cogent Arts & Humanities},
    doi = {https://doi.org/10.1080/23311983.2023.2249280},
}, 

@Article{flow,
    title = {Turbulent Flow: A Computational Model of World Literature},
    author = {Long, H. and So, R., J.},
    year = {2016},
    publisher = {Duke University Press},
    volume = {77},
    number = {3},
    pages = {345-367},
    journal = {Modern Language Quarterly},
    doi = {https://doi.org/10.1215/00267929-3570656},
},

@Misc{nlp,
  author = {Slaveykova, K.},
  title = {NLP Intro: Exploring word frequency with the tidytext R package},
  howpublished = {Available online},
  year = {2023},
  url = {https://medium.com/the-data-nudge/nlp-basics-exploring-word-frequency-with-the-tidytext-r-package-ac35a6d805f4},
  urldate = {Access Date (2024-03-29)},
},

@Misc{gutenberg,
  title = {Project Gutenberg},
  howpublished = {\url{https://www.gutenberg.org}},
}

@Misc{youtube,
  author = {Robertson, C.},
  title = {Text Tokenization in R},
  year = {2021},
  howpublished = {\url{https://www.youtube.com/watch?v=9T-hr3jinTw}},
  urldate = {Access Date (2024-03-30)},
}

